@article{MechalikhTM21,
  author    = {Charafeddine Mechalikh and
               Hajer Taktak and
               Faouzi Moussa},
  title     = {PureEdgeSim: {A} simulation framework for performance evaluation of
               cloud, edge and mist computing environments},
  journal   = {Comput. Sci. Inf. Syst.},
  volume    = {18},
  number    = {1},
  pages     = {43--66},
  year      = {2021},
  url       = {https://doi.org/10.2298/CSIS200301042M},
  doi       = {10.2298/CSIS200301042M},
  timestamp = {Tue, 23 Mar 2021 16:03:22 +0100},
  biburl    = {https://dblp.org/rec/journals/comsis/MechalikhTM21.bib},
  bibsource = {dblp computer science bibliography, https://dblp.org}
}

@article{BrogiFGL20,
  author    = {Antonio Brogi and
               Stefano Forti and
               Carlos Guerrero and
               Isaac Lera},
  title     = {How to place your apps in the fog: State of the art and open challenges},
  journal   = {Softw. Pract. Exp.},
  volume    = {50},
  number    = {5},
  pages     = {719--740},
  year      = {2020},
  url       = {https://doi.org/10.1002/spe.2766},
  doi       = {10.1002/spe.2766},
  timestamp = {Mon, 04 May 2020 13:23:12 +0200},
  biburl    = {https://dblp.org/rec/journals/spe/BrogiFGL20.bib},
  bibsource = {dblp computer science bibliography, https://dblp.org}
}

@article{AnastasiCCD17,
  author    = {Gaetano F. Anastasi and
               Emanuele Carlini and
               Massimo Coppola and
               Patrizio Dazzi},
  title     = {QoS-aware genetic Cloud Brokering},
  journal   = {Future Gener. Comput. Syst.},
  volume    = {75},
  pages     = {1--13},
  year      = {2017},
  url       = {https://doi.org/10.1016/j.future.2017.04.026},
  doi       = {10.1016/j.future.2017.04.026},
  timestamp = {Wed, 19 Feb 2020 14:15:26 +0100},
  biburl    = {https://dblp.org/rec/journals/fgcs/AnastasiCCD17.bib},
  bibsource = {dblp computer science bibliography, https://dblp.org}
}